<?xml version="1.0" encoding="UTF-8"?><collection xmlns="http://www.loc.gov/MARC21/slim"><record><leader>00517nam--2200193-i-4500</leader><controlfield tag="001">000025915</controlfield><controlfield tag="002">20161230</controlfield><controlfield tag="005">20161230201036</controlfield><controlfield tag="008">060222s1000------------r-----000-0-fre-d</controlfield><datafield ind1=" " ind2=" " tag="040"><subfield code="a">IFIN-HH</subfield></datafield><datafield ind1=" " ind2=" " tag="041"><subfield code="a">fre</subfield></datafield><datafield ind1=" " ind2=" " tag="080"><subfield code="a">535.12</subfield></datafield><datafield ind1="1" ind2=" " tag="100"><subfield code="a">Kaliteevski, N</subfield></datafield><datafield ind1="1" ind2="0" tag="245"><subfield code="a">Optique ondulatoire</subfield><subfield code="b">Traduit du russe par s. medvedev</subfield><subfield code="c">N. kaliteevski</subfield></datafield><datafield ind1=" " ind2=" " tag="260"><subfield code="a">Moscou</subfield><subfield code="b">Mir</subfield><subfield code="c">1980</subfield></datafield><datafield ind1=" " ind2=" " tag="300"><subfield code="a">451P</subfield></datafield><datafield ind1=" " ind2=" " tag="500"><subfield code="a">Titlul Original In Limba Rusa: Volnovaia Optika</subfield></datafield><datafield ind1=" " ind2=" " tag="852"><subfield code="a">48853</subfield><subfield code="c">535</subfield></datafield><datafield ind1=" " ind2=" " tag="CAT"><subfield code="a">Sys</subfield><subfield code="c">20101123</subfield><subfield code="h">155456</subfield></datafield></record></collection>